<?xml version="1.0" encoding="UTF-8"?><collection xmlns="http://www.loc.gov/MARC21/slim"><record><leader>00358nam--2200133-i-4500</leader><controlfield tag="001">000021978</controlfield><controlfield tag="002">20161230</controlfield><controlfield tag="005">20161230201034</controlfield><controlfield tag="008">060222s1000------------r-----000-0-eng-d</controlfield><datafield ind1=" " ind2=" " tag="100"><subfield code="a">Hancock, Harris</subfield></datafield><datafield ind1=" " ind2=" " tag="245"><subfield code="a">Theory of maxima and minima</subfield></datafield><datafield ind1=" " ind2=" " tag="260"><subfield code="a">New York, Dover Publ.,Inc., 1960. Xiv +193 + 15 P</subfield></datafield><datafield ind1=" " ind2=" " tag="852"><subfield code="a">16778</subfield><subfield code="c">517.5</subfield></datafield><datafield ind1=" " ind2=" " tag="CAT"><subfield code="a">Sys</subfield><subfield code="c">20080730</subfield><subfield code="h">104850</subfield></datafield></record></collection>